@misc{GilmoreCCDTesting,
   author = {{Gilmore}, K.},
   title = {LSST Sensor Integrated Test Plan},
  howpublished = "personal communication",
   year = {2015},
   month= {June}
}
